<record><leader>00000cas a2200000 a 4500</leader><controlfield tag="001">33264235</controlfield><controlfield tag="008">951010d18741876vtudn ne      0    0eng d</controlfield><datafield ind1=" " ind2=" " tag="010"><subfield code="a">sn 95068671 </subfield></datafield><datafield ind1=" " ind2=" " tag="040"><subfield code="a">MGN</subfield><subfield code="b">eng</subfield><subfield code="c">MGN</subfield><subfield code="d">NVN</subfield><subfield code="d">OCLCQ</subfield><subfield code="d">OCLCF</subfield><subfield code="d">OCLCO</subfield></datafield><datafield ind1="1" ind2=" " tag="029"><subfield code="a">AU@</subfield><subfield code="b">000012084980</subfield></datafield><datafield ind1=" " ind2=" " tag="042"><subfield code="a">msc</subfield></datafield><datafield ind1=" " ind2=" " tag="043"><subfield code="a">n-us-vt</subfield></datafield><datafield ind1="0" ind2=" " tag="130"><subfield code="a">Burlington daily sentinel (Burlington, Vt. : Evening ed.)</subfield></datafield><datafield ind1="1" ind2="0" tag="245"><subfield code="a">Burlington daily sentinel.</subfield></datafield><datafield ind1="1" ind2="3" tag="246"><subfield code="a">Burlington sentinel</subfield></datafield><datafield ind1=" " ind2=" " tag="250"><subfield code="a">Evening ed.</subfield></datafield><datafield ind1=" " ind2=" " tag="260"><subfield code="a">Burlington, Vt. :</subfield><subfield code="b">A.N. Merchant</subfield></datafield><datafield ind1=" " ind2=" " tag="300"><subfield code="a">v.</subfield></datafield><datafield ind1=" " ind2=" " tag="310"><subfield code="a">Daily (except Sun.)</subfield></datafield><datafield ind1="1" ind2=" " tag="362"><subfield code="a">Began in Feb. 1874; ceased Dec. 9, 1876?</subfield></datafield><datafield ind1=" " ind2=" " tag="580"><subfield code="a">Morning ed.: Burlington daily sentinel (Burlington, Vt. : Morning ed.).</subfield></datafield><datafield ind1=" " ind2=" " tag="580"><subfield code="a">Weekly ed.: Burlington democrat and weekly sentinel.</subfield></datafield><datafield ind1=" " ind2=" " tag="588"><subfield code="a">Description based on: New ser., v. 1, no. 2 (Feb. 11, 1874).</subfield></datafield><datafield ind1=" " ind2="0" tag="651"><subfield code="a">Burlington (Vt.)</subfield><subfield code="v">Newspapers.</subfield></datafield><datafield ind1=" " ind2="7" tag="655"><subfield code="a">Newspapers.</subfield><subfield code="2">fast</subfield><subfield code="0">(OCoLC)fst01423814</subfield></datafield><datafield ind1=" " ind2="7" tag="651"><subfield code="a">Vermont</subfield><subfield code="z">Burlington.</subfield><subfield code="2">fast</subfield><subfield code="0">(OCoLC)fst01207603</subfield></datafield><datafield ind1=" " ind2=" " tag="752"><subfield code="a">United States</subfield><subfield code="b">Vermont</subfield><subfield code="c">Chittenden</subfield><subfield code="d">Burlington.</subfield></datafield><datafield ind1="1" ind2=" " tag="775"><subfield code="t">Burlington daily sentinel (Burlington, Vt. : Morning ed.)</subfield><subfield code="w">(DLC)sn 91066589</subfield><subfield code="w">(OCoLC)24118299</subfield></datafield><datafield ind1="1" ind2=" " tag="775"><subfield code="t">Burlington democrat and weekly sentinel</subfield><subfield code="w">(DLC)sn 84023022</subfield><subfield code="w">(OCoLC)10689220</subfield></datafield><datafield ind1="0" ind2=" " tag="775"><subfield code="t">Merchant's home visitor</subfield><subfield code="w">(DLC)sn 84023247</subfield></datafield></record>